<record><leader>00000cas a2200000 a 4500</leader><controlfield tag="001">9836411</controlfield><controlfield tag="008">830823c19829999miuer ne      0   a0eng c</controlfield><datafield ind1=" " ind2=" " tag="010"><subfield code="a">sn 83045053 </subfield></datafield><datafield ind1=" " ind2=" " tag="040"><subfield code="a">CRL</subfield><subfield code="b">eng</subfield><subfield code="c">CRL</subfield><subfield code="d">NPW</subfield><subfield code="d">NSD</subfield><subfield code="d">MGN</subfield><subfield code="d">MHN</subfield><subfield code="d">DLC</subfield><subfield code="d">OCL</subfield><subfield code="d">DLC</subfield><subfield code="d">OCLCQ</subfield><subfield code="d">DLC</subfield><subfield code="d">OCLCQ</subfield><subfield code="d">OCLCO</subfield><subfield code="d">OCLCF</subfield></datafield><datafield ind1=" " ind2=" " tag="012"><subfield code="m">1</subfield></datafield><datafield ind1=" " ind2=" " tag="019"><subfield code="a">38254274</subfield></datafield><datafield ind1="1" ind2=" " tag="022"><subfield code="a">1043-3775</subfield><subfield code="l">1043-3775</subfield><subfield code="2">1</subfield></datafield><datafield ind1="1" ind2=" " tag="029"><subfield code="a">AU@</subfield><subfield code="b">000020409668</subfield></datafield><datafield ind1=" " ind2=" " tag="032"><subfield code="a">300120</subfield><subfield code="b">USPS</subfield></datafield><datafield ind1="0" ind2=" " tag="041"><subfield code="a">engita</subfield></datafield><datafield ind1=" " ind2=" " tag="042"><subfield code="a">pcc</subfield><subfield code="a">nsdp</subfield></datafield><datafield ind1=" " ind2=" " tag="043"><subfield code="a">n-us-mi</subfield><subfield code="a">n-cn---</subfield></datafield><datafield ind1="0" ind2=" " tag="130"><subfield code="a">Italian tribune (Warren, Mich.)</subfield></datafield><datafield ind1=" " ind2="4" tag="222"><subfield code="a">The Italian tribune</subfield></datafield><datafield ind1="1" ind2="4" tag="245"><subfield code="a">The Italian tribune :</subfield><subfield code="b">la tribuna del popolo.</subfield></datafield><datafield ind1="3" ind2="1" tag="246"><subfield code="a">Tribuna del popolo</subfield></datafield><datafield ind1="1" ind2="7" tag="246"><subfield code="a">All new Italian tribune</subfield></datafield><datafield ind1=" " ind2=" " tag="260"><subfield code="a">Warren, Mich. :</subfield><subfield code="b">E.W. Baker,</subfield><subfield code="c">1982-</subfield></datafield><datafield ind1=" " ind2=" " tag="300"><subfield code="a">v. :</subfield><subfield code="b">ill.</subfield></datafield><datafield ind1=" " ind2=" " tag="310"><subfield code="a">Biweekly,</subfield><subfield code="b">&lt;Feb. 24, 1989-&gt;</subfield></datafield><datafield ind1=" " ind2=" " tag="321"><subfield code="a">Weekly</subfield></datafield><datafield ind1="0" ind2=" " tag="362"><subfield code="a">Vol. 73, no. 45 (Nov. 19, 1982)-</subfield></datafield><datafield ind1=" " ind2=" " tag="500"><subfield code="a">Published: Clinton Township, Mich. &lt;Jan. 23/Feb. 5, 2004&gt;-</subfield></datafield><datafield ind1=" " ind2=" " tag="500"><subfield code="a">At head of title: All new, Nov. 26, 1982-</subfield></datafield><datafield ind1=" " ind2=" " tag="500"><subfield code="a">Issues also called: 80th Anniversary commemorative issue, June 16, 1989; 85th Anniversary souvenior ed., May 31, 1994.</subfield></datafield><datafield ind1=" " ind2=" " tag="530"><subfield code="a">Also on microfilm from Library of Congress Photoduplication Service.</subfield></datafield><datafield ind1=" " ind2=" " tag="546"><subfield code="a">Text in English with a section in Italian.</subfield></datafield><datafield ind1=" " ind2=" " tag="588"><subfield code="a">Latest issue consulted: Vol. 97, no. 22 (Oct. 27/Nov. 9, 2006).</subfield></datafield><datafield ind1=" " ind2="0" tag="650"><subfield code="a">Italians</subfield><subfield code="z">Michigan</subfield><subfield code="v">Newspapers.</subfield></datafield><datafield ind1=" " ind2="0" tag="650"><subfield code="a">Italians</subfield><subfield code="z">Canada</subfield><subfield code="v">Newspapers.</subfield></datafield><datafield ind1=" " ind2="0" tag="651"><subfield code="a">Warren (Mich.)</subfield><subfield code="v">Newspapers.</subfield></datafield><datafield ind1=" " ind2="0" tag="651"><subfield code="a">Macomb County (Mich.)</subfield><subfield code="v">Newspapers.</subfield></datafield><datafield ind1=" " ind2="0" tag="651"><subfield code="a">Clinton Township (Macomb County, Mich.)</subfield><subfield code="v">Newspapers.</subfield></datafield><datafield ind1=" " ind2="7" tag="655"><subfield code="a">Newspapers.</subfield><subfield code="2">fast</subfield><subfield code="0">(OCoLC)fst01423814</subfield></datafield><datafield ind1=" " ind2="7" tag="650"><subfield code="a">Italians.</subfield><subfield code="2">fast</subfield><subfield code="0">(OCoLC)fst00980750</subfield></datafield><datafield ind1=" " ind2="7" tag="651"><subfield code="a">Canada.</subfield><subfield code="2">fast</subfield><subfield code="0">(OCoLC)fst01204310</subfield></datafield><datafield ind1=" " ind2="7" tag="651"><subfield code="a">Michigan.</subfield><subfield code="2">fast</subfield><subfield code="0">(OCoLC)fst01208387</subfield></datafield><datafield ind1=" " ind2="7" tag="651"><subfield code="a">Michigan</subfield><subfield code="z">Clinton Township (Macomb County)</subfield><subfield code="2">fast</subfield><subfield code="0">(OCoLC)fst01882040</subfield></datafield><datafield ind1=" " ind2="7" tag="651"><subfield code="a">Michigan</subfield><subfield code="z">Macomb County.</subfield><subfield code="2">fast</subfield><subfield code="0">(OCoLC)fst01214769</subfield></datafield><datafield ind1=" " ind2="7" tag="651"><subfield code="a">Michigan</subfield><subfield code="z">Warren.</subfield><subfield code="2">fast</subfield><subfield code="0">(OCoLC)fst01209434</subfield></datafield><datafield ind1=" " ind2=" " tag="752"><subfield code="a">United States</subfield><subfield code="b">Michigan</subfield><subfield code="c">Macomb</subfield><subfield code="d">Warren.</subfield></datafield><datafield ind1="0" ind2="0" tag="780"><subfield code="t">Tribuna del popolo (Detroit, Mich.)</subfield><subfield code="x">0745-4694</subfield><subfield code="w">(DLC)sn 82015368</subfield><subfield code="w">(OCoLC)8807544</subfield></datafield></record>